<record><leader>00000cas a2200000 a 4500</leader><controlfield tag="001">2260198</controlfield><controlfield tag="008">760620d18431855pauwn ne      0    0eng c</controlfield><datafield ind1=" " ind2=" " tag="010"><subfield code="a">sn 84035980 </subfield></datafield><datafield ind1=" " ind2=" " tag="040"><subfield code="a">PIT</subfield><subfield code="b">eng</subfield><subfield code="c">PIT</subfield><subfield code="d">PIT</subfield><subfield code="d">UCU</subfield><subfield code="d">NYG</subfield><subfield code="d">NPH</subfield><subfield code="d">DLC</subfield><subfield code="d">NPX</subfield><subfield code="d">NPH</subfield><subfield code="d">NPV</subfield><subfield code="d">MFN</subfield><subfield code="d">KNP</subfield><subfield code="d">CNK</subfield><subfield code="d">OCL</subfield><subfield code="d">NYS</subfield><subfield code="d">KRTAS</subfield><subfield code="d">OCLCQ</subfield><subfield code="d">OCLCF</subfield><subfield code="d">OCLCO</subfield></datafield><datafield ind1="1" ind2=" " tag="029"><subfield code="a">AU@</subfield><subfield code="b">000020122404</subfield></datafield><datafield ind1=" " ind2=" " tag="042"><subfield code="a">pcc</subfield></datafield><datafield ind1=" " ind2=" " tag="043"><subfield code="a">n-us-pa</subfield></datafield><datafield ind1="0" ind2="0" tag="050"><subfield code="a">Newspaper 9430</subfield></datafield><datafield ind1="0" ind2=" " tag="130"><subfield code="a">Democratic union (Harrisburg, Pa. : 1843)</subfield></datafield><datafield ind1="1" ind2="0" tag="245"><subfield code="a">Democratic union.</subfield></datafield><datafield ind1=" " ind2=" " tag="260"><subfield code="a">Harrisburg, Pa. :</subfield><subfield code="b">Isaac G. M'Kinley &amp; Co.</subfield></datafield><datafield ind1=" " ind2=" " tag="300"><subfield code="a">v.</subfield></datafield><datafield ind1=" " ind2=" " tag="310"><subfield code="a">Weekly (semiweekly during sessions of the legislature)</subfield></datafield><datafield ind1="0" ind2=" " tag="362"><subfield code="a">Vol. 1, no. 1 (June 7, 1843)-v. 8, no. 11, 1855.</subfield></datafield><datafield ind1=" " ind2=" " tag="530"><subfield code="a">Available on microfilm from Microfilm Corp. of Pa.</subfield></datafield><datafield ind1=" " ind2=" " tag="580"><subfield code="a">Daily ed.: Daily legislative union.</subfield></datafield><datafield ind1=" " ind2=" " tag="580"><subfield code="a">Campaign ed.: Democratic union-extra.</subfield></datafield><datafield ind1=" " ind2=" " tag="580"><subfield code="a">Formed by the union of: Keystone (Harrisburg, Pa. : 1836), State capitol gazette, and: Pennsylvania reporter (Harrisburg, Pa. : 1839).</subfield></datafield><datafield ind1=" " ind2="0" tag="651"><subfield code="a">Harrisburg (Pa.)</subfield><subfield code="v">Newspapers.</subfield></datafield><datafield ind1=" " ind2="0" tag="651"><subfield code="a">Dauphin County (Pa.)</subfield><subfield code="v">Newspapers.</subfield></datafield><datafield ind1=" " ind2="7" tag="655"><subfield code="a">Newspapers.</subfield><subfield code="2">fast</subfield><subfield code="0">(OCoLC)fst01423814</subfield></datafield><datafield ind1=" " ind2="7" tag="651"><subfield code="a">Pennsylvania</subfield><subfield code="z">Dauphin County.</subfield><subfield code="2">fast</subfield><subfield code="0">(OCoLC)fst01212397</subfield></datafield><datafield ind1=" " ind2="7" tag="651"><subfield code="a">Pennsylvania</subfield><subfield code="z">Harrisburg.</subfield><subfield code="2">fast</subfield><subfield code="0">(OCoLC)fst01204725</subfield></datafield><datafield ind1=" " ind2=" " tag="752"><subfield code="a">United States</subfield><subfield code="b">Pennsylvania</subfield><subfield code="c">Dauphin</subfield><subfield code="d">Harrisburg.</subfield></datafield><datafield ind1="1" ind2=" " tag="775"><subfield code="t">Daily legislative union</subfield><subfield code="w">(DLC)sn 86053604</subfield></datafield><datafield ind1="1" ind2=" " tag="775"><subfield code="t">Democratic union-extra</subfield><subfield code="w">(DLC)sn 85054709</subfield></datafield><datafield ind1="1" ind2="4" tag="780"><subfield code="t">Keystone (Harrisburg, Pa. : 1836)</subfield><subfield code="w">(DLC)sn 83032146</subfield></datafield><datafield ind1="1" ind2="4" tag="780"><subfield code="t">State capitol gazette</subfield><subfield code="w">(DLC)sn 84035979</subfield></datafield><datafield ind1="1" ind2="4" tag="780"><subfield code="t">Pennsylvania reporter (Harrisburg, Pa. : 1839)</subfield><subfield code="w">(DLC)sn 84035984</subfield></datafield><datafield ind1="0" ind2="7" tag="785"><subfield code="t">Pennsylvania patriot</subfield><subfield code="w">(DLC)sn 86071502</subfield></datafield><datafield ind1="0" ind2="7" tag="785"><subfield code="t">Patriot and union</subfield><subfield code="w">(DLC)sn 86071503</subfield></datafield><datafield ind1=" " ind2=" " tag="938"><subfield code="a">Kirtas Technologies, Inc.</subfield><subfield code="b">KRTS</subfield><subfield code="n">734191</subfield></datafield></record>